@article{Demsar2016BalancedMixture,
    title = {{A Balanced Mixture of Antagonistic Pressures Promotes the Evolution of Parallel Movement}},
    year = {2016},
    journal = {Scientific Reports},
    author = {Dem{\v{s}}ar, Jure and {\v{S}}trumbelj, Erik and Lebar Bajec, Iztok},
    volume = {6},
    doi = {10.1038/srep39428}
}

@article{Demsar2017LinguisticEvolution,
    title = {{Evolution of Collective Behaviour in an Artificial World Using Linguistic Fuzzy Rule-Based Systems}},
    year = {2017},
    journal = {PLoS ONE},
    author = {Dem{\v{s}}ar, Jure and Lebar Bajec, Iztok},
    number = {1},
    pages = {1--20},
    volume = {12},
    doi = {10.1371/journal.pone.0168876}
}

@article{raffel2020exploring,
  title={Exploring the limits of transfer learning with a unified text-to-text transformer},
  author={Raffel, Colin and Shazeer, Noam and Roberts, Adam and Lee, Katherine and Narang, Sharan and Matena, Michael and Zhou, Yanqi and Li, Wei and Liu, Peter J.},
  journal={Journal of Machine Learning Research},
  volume={21},
  number={140},
  pages={1--67},
  year={2020}
}

@inproceedings{thakur2021beir,
  title={BEIR: A Heterogeneous Benchmark for Zero-shot Evaluation of Information Retrieval Models},
  author={Thakur, Nandan and Reimers, Nils and R{\"u}ckl{\'e}, Andreas and Srivastava, Abhishek and Gurevych, Iryna},
  booktitle={Proceedings of the 2021 Conference on Empirical Methods in Natural Language Processing},
  year={2021}
}

@inproceedings{kumar2019cross,
  title={Cross-Lingual Training for Automatic Question Generation},
  author={Kumar, Vijay and Gupta, Dinesh and Jha, Shashank and Shrivastava, Manish and Choudhury, Monojit},
  booktitle={Proceedings of the 57th Annual Meeting of the Association for Computational Linguistics},
  pages={4867--4874},
  year={2019}
}

@article{chi2019cross,
  title={Cross-lingual Natural Language Generation via Pre-training},
  author={Chi, Zewen and Li, Heyan and Yang, Bin and Xu, Weiran and Sun, Maosong and Song, Yang and Yu, Dong},
  journal={arXiv preprint arXiv:1909.10481},
  year={2019}
}

@article{riabi2020multilingual,
  title={Multilingual Question Generation from Text Paragraphs},
  author={Riabi, Im{\`e}ne and Ochs, Magalie and B{\'e}chet, Fr{\'e}d{\'e}ric and Clavel, Chlo{\'e}},
  journal={arXiv preprint arXiv:2004.14986},
  year={2020}
}